@comment{
techreport{nxxxx
  author={},
  title={{}},
  institution={ISO/IEC JTC1/SC22/WG21},
  type={Working paper},
  number={NXXXX},
  month=mmm,
  year=YYYY,
}
}


@techreport{p3573R0,
  author={
Bjarne Stroustrup and Michael Hava and J.~Daniel Garcia~Sanchez and Ran Regev
and Gabriel Dos~Reis and John Spicer and J.~C. van~Winkel and David Vandevoorde
and Ville Voutilainen},
  title={Contract concerns},
  institution={ISO/IEC JTC1/SC22/WG21},
  type={WG21 proposal},
  number={P3573R0},
  month=jan,
  year=2025,
}

@techreport{p3829R0,
  author={David Chisnall and John Spicer and Gabriel Dos Reis and Ville
Voutilainen and Jose Daniel Garcia Sanchez},
  title={Contracts do not belong in the language},
  institution={ISO/IEC JTC1/SC22/WG21},
  type={WG21 proposal},
  number={P3829R0},
  month=sep,
  year=2025,
}

@techreport{p3835R0,
  author={John Spicer and Ville Voutilainen and Jose~Daniel Garcia~Sanchez},
  title={Contracts make C++ less safe -- full stop},
  institution={ISO/IEC JTC1/SC22/WG21},
  type={WG21 proposal},
  number={P3835R0},
  month=sep,
  year=2025,
}
